<?xml version="1.0" encoding="UTF-8"?><collection xmlns="http://www.loc.gov/MARC21/slim"><record><leader>00425nam--2200133-i-4500</leader><controlfield tag="001">000038036</controlfield><controlfield tag="002">20161230</controlfield><controlfield tag="005">20161230201041</controlfield><controlfield tag="008">060222s1000------------r-----000-0-eng-d</controlfield><datafield ind1=" " ind2=" " tag="100"><subfield code="a">Raymondi, Carlo</subfield></datafield><datafield ind1=" " ind2=" " tag="245"><subfield code="a">A proposito della tecnologia dei pali di fundazione di grande diametro</subfield></datafield><datafield ind1=" " ind2=" " tag="260"><subfield code="a">Pisa, Bibl.Centrale Della Fac.Dell`Univ., 1959, 12p</subfield></datafield><datafield ind1=" " ind2=" " tag="490"><subfield code="a">Publ.Della Facolta D`Ingegneria Dell`Univ.Din Pisa</subfield></datafield><datafield ind1=" " ind2=" " tag="852"><subfield code="a">15257</subfield></datafield></record></collection>